@article{mourtzis2016industrial,
	title={Industrial Big Data as a result of IoT adoption in manufacturing},
	author={Mourtzis, D and Vlachou, E and Milas, N},
	journal={Procedia cirp},
	volume={55},
	pages={290--295},
	year={2016},
	publisher={Elsevier}
}

@article{fernandez2019finding,
	title={Finding tendencies in streaming data using Big Data frequent itemset mining},
	author={Fernandez-Basso, Carlos and Francisco-Agra, Abel J and Martin-Bautista, Maria J and Ruiz, M Dolores},
	journal={Knowledge-Based Systems},
	volume={163},
	pages={666--674},
	year={2019},
	publisher={Elsevier}
}

@inproceedings{com,
	title={Community detection in online social networks using actions of users},
	author={Moosavi, Seyed Ahmad and Jalali, Mehrdad},
	booktitle={2014 Iranian Conference on Intelligent Systems (ICIS)},
	pages={1--7},
	year={2014},
	organization={IEEE}
}

@inproceedings{sent,
	title={Sentiment trend analysis in social web environments},
	author={Kwon, Kyunglag and Jeon, Yunwan and Cho, Chanho and Seo, Jongwoo and Chung, In-Jeong and Park, Hansaem},
	booktitle={2017 IEEE International Conference on Big Data and Smart Computing (BigComp)},
	pages={261--268},
	year={2017},
	organization={IEEE}
}

@article{sent2,
	title={Sentiment analysis on tweets about diabetes: an aspect-level approach},
	author={Salas-Z{\'a}rate, Mar{\'\i}a del Pilar and Medina-Moreira, Jose and Lagos-Ortiz, Katty and Luna-Aveiga, Harry and Rodriguez-Garcia, Miguel Angel and Valencia-Garcia, Rafael},
	journal={Computational and mathematical methods in medicine},
	volume={2017},
	year={2017},
	publisher={Hindawi}
}

@article{analitica,
	title={Big data y anal{\'\i}tica web. Estudiar las corrientes y pescar en un oc{\'e}ano de datos},
	author={Serrano-Cobos, Jorge},
	journal={El profesional de la informaci{\'o}n},
	volume={23},
	number={6},
	pages={561--565},
	year={2014},
	publisher={EPI SCP, Barcelona, Spain}
}

@article{finance,
	title={The application of data mining techniques in financial fraud detection: A classification framework and an academic review of literature},
	author={Ngai, Eric WT and Hu, Yong and Wong, Yiu Hing and Chen, Yijun and Sun, Xin},
	journal={Decision support systems},
	volume={50},
	number={3},
	pages={559--569},
	year={2011},
	publisher={Elsevier}
}

@incollection{liu1,
	title={Mining social media: a brief introduction},
	author={Gundecha, Pritam and Liu, Huan},
	booktitle={New Directions in Informatics, Optimization, Logistics, and Production},
	pages={1--17},
	year={2012},
	publisher={Informs}
}


@incollection{liu,
	title={A survey of opinion mining and sentiment analysis},
	author={Liu, Bing and Zhang, Lei},
	booktitle={Mining text data},
	pages={415--463},
	year={2012},
	publisher={Springer}
}

@article{diff,
	title={Resource construction and evaluation for indirect opinion mining of drug reviews},
	author={Noferesti, Samira and Shamsfard, Mehrnoush},
	journal={PloS one},
	volume={10},
	number={5},
	pages={e0124993},
	year={2015},
	publisher={Public Library of Science}
}


@inproceedings{diff2,
	title={Senticnet: A publicly available semantic resource for opinion mining},
	author={Cambria, Erik and Speer, Robert and Havasi, Catherine and Hussain, Amir},
	booktitle={2010 AAAI Fall Symposium Series},
	year={2010}
}


@incollection{mkt,
	title={Image clustering for marketing purposes},
	author={Baier, Daniel and Daniel, Ines},
	booktitle={Challenges at the interface of data analysis, computer science, and optimization},
	pages={487--494},
	year={2012},
	publisher={Springer}
}


@inproceedings{agrawal,
	title={Mining association rules between sets of items in large databases},
	author={Agrawal, Rakesh and Imieli{\'n}ski, Tomasz and Swami, Arun},
	booktitle={Acm sigmod record},
	volume={22},
	number={2},
	pages={207--216},
	year={1993},
	organization={ACM}
}



@article{reglas1,
	title={Data mining using Association rule based on APRIORI algorithm and improved approach with illustration},
	author={Mandave, Pratibha and Mane, Megha and Patil, Sharada},
	journal={International Journal of Latest Trends in Engineering and Technology (IJLTET), ISSN},
	year={2013}
}


@inproceedings{reglas2,
	title={Association rules mining in inventory database},
	author={Yin, Yong and Kaku, Ikou and Tang, Jiafu and Zhu, JianMing},
	booktitle={Data Mining},
	pages={9--23},
	year={2011},
	organization={Springer}
}


@article{sentimientos,
	title={Sentimental causal rule discovery from Twitter},
	author={Dehkharghani, Rahim and Mercan, Hanefi and Javeed, Arsalan and Saygin, Yucel},
	journal={Expert Systems with Applications},
	volume={41},
	number={10},
	pages={4950--4958},
	year={2014},
	publisher={Elsevier}
}


@book{bdm1,
	title={Predictive data mining: a practical guide},
	author={Weiss, Sholom M and Indurkhya, Nitin},
	year={1998},
	publisher={Morgan Kaufmann}
}

@online{bdm2,
	author = {A. Petland},
	title = {Reinventing society in the wake of big data},
	year = 2012,
	url = {http://www.edge.org/conversation/reinventing-society- in-the-wake-of-big-data},
	urldate = {2019-08-12}
}


@techreport{bdm3,
	added-at = {2013-03-15T10:26:13.000+0100},
	author = {Laney, Douglas},
	biburl = {https://www.bibsonomy.org/bibtex/263868097d6e1998de3d88fcbb7670ca6/sb3000},
	institution = {META Group},
	interhash = {742811cb00b303261f79a98e9b80bf49},
	intrahash = {63868097d6e1998de3d88fcbb7670ca6},
	keywords = {3v analyst-report bigdata},
	month = {February},
	timestamp = {2013-03-15T10:26:13.000+0100},
	title = {{3D} Data Management: Controlling Data Volume, Velocity, and Variety},
	url = {http://blogs.gartner.com/doug-laney/files/2012/01/ad949-3D-Data-Management-Controlling-Data-Volume-Velocity-and-Variety.pdf},
	year = 2001
}


@book{mining1,
	title={Data mining: concepts and techniques},
	author={Han, Jiawei and Pei, Jian and Kamber, Micheline},
	year={2011},
	publisher={Elsevier}
}


@book{mining2,
	title={Introduction to data mining},
	author={Tan, Pang-Ning},
	year={2018},
	publisher={Pearson Education India}
}


@article{mining3,
	title={Product opportunity identification based on internal capabilities using text mining and association rule mining},
	author={Seo, Wonchul and Yoon, Janghyeok and Park, Hyunseok and Coh, Byoung-youl and Lee, Jae-Min and Kwon, Oh-Jin},
	journal={Technological Forecasting and Social Change},
	volume={105},
	pages={94--104},
	year={2016},
	publisher={Elsevier}
}

@article{mining4,
	title={Market Basket Analysis: Identify the changing trends of market data using association rule mining},
	author={Kaur, Manpreet and Kang, Shivani},
	journal={Procedia computer science},
	volume={85},
	pages={78--85},
	year={2016},
	publisher={Elsevier}
}

@inproceedings{bigdata1,
	title={Efficient mining of frequent itemsets in social network data based on MapReduce framework},
	author={Farzanyar, Zahra and Cercone, Nick},
	booktitle={Proceedings of the 2013 IEEE/ACM International Conference on Advances in Social Networks Analysis and Mining},
	pages={1183--1188},
	year={2013},
	organization={ACM}
}

@inproceedings{bigdata5,
	title={Apriori-based frequent itemset mining algorithms on MapReduce},
	author={Lin, Ming-Yen and Lee, Pei-Yu and Hsueh, Sue-Chen},
	booktitle={Proceedings of the 6th international conference on ubiquitous information management and communication},
	pages={76},
	year={2012},
	organization={ACM}
}

@inproceedings{bigdata2,
	title={An improved parallel association rules algorithm based on MapReduce framework for big data},
	author={Zhou, Xinhao and Huang, Yongfeng},
	booktitle={2014 11th International Conference on Fuzzy Systems and Knowledge Discovery (FSKD)},
	pages={284--288},
	year={2014},
	organization={IEEE}
}

@article{bigdata3,
	title={Mining association rules in big data with NGEP},
	author={Chen, Yunliang and Li, Fangyuan and Fan, Junqing},
	journal={Cluster Computing},
	volume={18},
	number={2},
	pages={577--585},
	year={2015},
	publisher={Springer}
}



@article{bigdata4,
	title={Association Rule Mining on Big Data},
	author={ K. Geethanandhini and R. Nedunchezhian},
	journal={International Journal of Engineering Research and Technology},
	volume={5},
	number={5},
	pages={42--46},
	year={2016},
	publisher={IJERT}
}


@article{redes1,
	title={A survey of data mining techniques for social media analysis},
	author={Adedoyin-Olowe, Mariam and Gaber, Mohamed Medhat and Stahl, Frederic},
	journal={arXiv preprint arXiv:1312.4617},
	year={2013}
}



@article{redes2,
	title={Understanding illicit drug use behaviors by mining social media},
	author={Zhou, Yiheng and Sani, Numair and Lee, Chia-Kuei and Luo, Jiebo},
	journal={arXiv preprint arXiv:1604.07096},
	year={2016}
}

@book{redes3,
	title={Behavior computing: modeling, analysis, mining and decision},
	author={Cao, Longbing and Philip, S Yu},
	year={2012},
	publisher={Springer}
}


@article{redes4,
	title={Sensing trending topics in Twitter},
	author={Aiello, Luca Maria and Petkos, Georgios and Martin, Carlos and Corney, David and Papadopoulos, Symeon and Skraba, Ryan and G{\"o}ker, Ayse and Kompatsiaris, Ioannis and Jaimes, Alejandro},
	journal={IEEE Transactions on Multimedia},
	volume={15},
	number={6},
	pages={1268--1282},
	year={2013},
	publisher={IEEE}
}



@inproceedings{estadoarte4,
	title={Association rule mining of personal hobbies in social networks},
	author={Yu, Xiaoqing and Liu, Huanhuan and Shi, Jianhua and Hwang, Jenq-Neng and Wan, Wanggen and Lu, Jing},
	booktitle={2014 IEEE International Congress on Big Data},
	pages={310--314},
	year={2014},
	organization={IEEE}
}


@article{estadoarte5,
	title={Finding influential users in social media using association rule learning},
	author={Erlandsson, Fredrik and Br{\'o}dka, Piotr and Borg, Anton and Johnson, Henric},
	journal={Entropy},
	volume={18},
	number={5},
	pages={164},
	year={2016},
	publisher={Multidisciplinary Digital Publishing Institute}
}


@inproceedings{opiniontwitter,
	title={Twitter as a corpus for sentiment analysis and opinion mining.},
	author={Pak, Alexander and Paroubek, Patrick},
	booktitle={LREc},
	volume={10},
	number={2010},
	pages={1320--1326},
	year={2010}
}



@incollection{opmin1,
	title={Extracting product features and opinions from reviews},
	author={Popescu, Ana-Maria and Etzioni, Orena},
	booktitle={Natural language processing and text mining},
	pages={9--28},
	year={2007},
	publisher={Springer}
}


@inproceedings{opmin2,
	title={Implicit feature identification via co-occurrence association rule mining},
	author={Hai, Zhen and Chang, Kuiyu and Kim, Jung-jae},
	booktitle={International Conference on Intelligent Text Processing and Computational Linguistics},
	pages={393--404},
	year={2011},
	organization={Springer}
}


@inproceedings{opmin3,
	title={Sentiment classification of web review using association rules},
	author={Yuan, Man and Ouyang, Yuanxin and Xiong, Zhang and Sheng, Hao},
	booktitle={International Conference on Online Communities and Social Computing},
	pages={442--450},
	year={2013},
	organization={Springer}
}


@inproceedings{estadoarte1,
	title={Efficient mining of frequent itemsets in social network data based on MapReduce framework},
	author={Farzanyar, Zahra and Cercone, Nick},
	booktitle={Proceedings of the 2013 IEEE/ACM International Conference on Advances in Social Networks Analysis and Mining},
	pages={1183--1188},
	year={2013},
	organization={ACM}
}


@inproceedings{estadoarte2,
	title={Frequent Itemset Mining for Big Data in social media using ClustBigFIM algorithm},
	author={Gole, Sheela and Tidke, Bharat},
	booktitle={2015 International Conference on Pervasive Computing (ICPC)},
	pages={1--6},
	year={2015},
	organization={IEEE}
}


@inproceedings{bigfim,
	title={Frequent itemset mining for big data},
	author={Moens, Sandy and Aksehirli, Emin and Goethals, Bart},
	booktitle={2013 IEEE International Conference on Big Data},
	pages={111--118},
	year={2013},
	organization={IEEE}
}


@article{estadoarte3,
	title={Mining Chinese social media UGC: a big-data framework for analyzing Douban movie reviews},
	author={Yang, Jie and Yecies, Brian},
	journal={Journal of Big Data},
	volume={3},
	number={1},
	pages={3},
	year={2016},
	publisher={Nature Publishing Group}
}


@inproceedings{estadoarte6,
	title={User generated content: an analysis of user behavior by mining political tweets},
	author={Abascal-Mena, Roc{\'\i}o and L{\'o}pez-Ornelas, Erick and Zepeda-Hern{\'a}ndez, J Sergio},
	booktitle={International Conference on Online Communities and Social Computing},
	pages={3--12},
	year={2013},
	organization={Springer}
}


@inproceedings{sentiwordnet,
	title={Sentiwordnet: A publicly available lexical resource for opinion mining.},
	author={Esuli, Andrea and Sebastiani, Fabrizio},
	booktitle={LREC},
	volume={6},
	pages={417--422},
	year={2006},
	organization={Citeseer}
}


@inproceedings{grafos,
	title={Massive social network analysis: Mining twitter for social good},
	author={Ediger, David and Jiang, Karl and Riedy, Jason and Bader, David A and Corley, Courtney and Farber, Rob and Reynolds, William N},
	booktitle={2010 39th International Conference on Parallel Processing},
	pages={583--593},
	year={2010},
	organization={IEEE}
}


@online{mongo,
	title = {MongoDB},
	url = {https://www.mongodb.com},
	urldate = {2019-08-12}
}

@online{tweepy,
	title = {Tweepy},
	url = {http://www.tweepy.org},
	urldate = {2019-08-12}
}


@online{scrapy,
	title = {Scrapy},
	url = {https://scrapy.org},
	urldate = {2019-08-12}
}

@online{scrapinghub,
	title = {Scrapinghub},
	url = {https://scrapinghub.com},
	urldate = {2019-08-12}
}


@article{sparkr,
	title={Apache spark: a unified engine for big data processing},
	author={Zaharia, Matei and Xin, Reynold S and Wendell, Patrick and Das, Tathagata and Armbrust, Michael and Dave, Ankur and Meng, Xiangrui and Rosen, Josh and Venkataraman, Shivaram and Franklin, Michael J and others},
	journal={Communications of the ACM},
	volume={59},
	number={11},
	pages={56--65},
	year={2016},
	publisher={ACM}
}


@manual{tm,
	title = {tm: Text Mining Package},
	author = {Ingo Feinerer and Kurt Hornik},
	year = {2018},
	note = {R package version 0.7-6},
	url = {https://CRAN.R-project.org/package=tm},
}


@inproceedings{ner,
	title={Incorporating non-local information into information extraction systems by gibbs sampling},
	author={Finkel, Jenny Rose and Grenager, Trond and Manning, Christopher},
	booktitle={Proceedings of the 43rd annual meeting on association for computational linguistics},
	pages={363--370},
	year={2005},
	organization={Association for Computational Linguistics}
}

@inproceedings{nlp,
	title={The Stanford CoreNLP natural language processing toolkit},
	author={Manning, Christopher and Surdeanu, Mihai and Bauer, John and Finkel, Jenny and Bethard, Steven and McClosky, David},
	booktitle={Proceedings of 52nd annual meeting of the association for computational linguistics: system demonstrations},
	pages={55--60},
	year={2014}
}


@article{tags,
	title={Microserfs},
	author={Coupland, Douglas and Faye, Jefferson},
	journal={The American Review of Canadian Studies},
	volume={31},
	number={3},
	pages={501},
	year={2001},
	publisher={Taylor \& Francis Inc.}
}

  @article{rweka,
	title = {Open-Source Machine Learning: {R} Meets {Weka}},
	author = {Kurt Hornik and Christian Buchta and Achim Zeileis},
	journal = {Computational Statistics},
	year = {2009},
	volume = {24},
	number = {2},
	pages = {225--232},
	doi = {10.1007/s00180-008-0119-7},
}

@inproceedings{apriori,
	title={Fast algorithms for mining association rules},
	author={Agrawal, Rakesh and Srikant, Ramakrishnan and others},
	booktitle={Proc. 20th int. conf. very large data bases, VLDB},
	volume={1215},
	pages={487--499},
	year={1994}
}

@inproceedings{fpg,
	title={Mining frequent patterns without candidate generation},
	author={Han, Jiawei and Pei, Jian and Yin, Yiwen},
	booktitle={ACM sigmod record},
	volume={29},
	number={2},
	pages={1--12},
	year={2000},
	organization={ACM}
}

